@article{aac4716,
	author = {Open Science Collaboration (OSC)},
	title = {Estimating the reproducibility of psychological science},
	volume = {349},
	year = {2015},
	doi = {10.1126/science.aac4716},
	publisher = {American Association for the Advancement of Science},
	issn = {0036-8075},
	URL = {http://science.sciencemag.org/content/349/6251/aac4716},
	eprint = {http://science.sciencemag.org/content/349/6251/aac4716.full.pdf},
	journal = {Science}
}

@article{Gla13,
title = "The minimal preprocessing pipelines for the Human Connectome Project",
journal = "NeuroImage",
volume = "80",
number = "Supplement C",
pages = "105 - 124",
year = "2013",
note = "Mapping the Connectome",
issn = "1053-8119",
doi = "https://doi.org/10.1016/j.neuroimage.2013.04.127",
url = "http://www.sciencedirect.com/science/article/pii/S1053811913005053",
author = "Matthew F. Glasser and Stamatios N. Sotiropoulos and J. Anthony Wilson and Timothy S. Coalson and Bruce Fischl and Jesper L. Andersson and Junqian Xu and Saad Jbabdi and Matthew Webster and Jonathan R. Polimeni and David C. Van Essen and Mark Jenkinson"
}

@ARTICLE{Gla15,
author= {Glatard, Tristan and Lewis, Lindsay B. and Ferreira da Silva, Rafael and Adalat, Reza and Beck, Natacha and Lepage, Claude and Rioux, Pierre and Rousseau, Marc-Etienne and Sherif, Tarek and Deelman, Ewa and Khalili-Mahani, Najmeh and Evans, Alan C.},
title= {Reproducibility of neuroimaging analyses across operating systems},      
journal= {Frontiers in Neuroinformatics},      
volume= {9},      
pages= {12},     
year= {2015},      
url= {https://www.frontiersin.org/article/10.3389/fninf.2015.00012},
doi= {10.3389/fninf.2015.00012},      
issn= {1662-5196}
}

@INPROCEEDINGS{7092948, 
author={I. Jimenez and C. Maltzahn and A. Moody and K. Mohror and J. Lofstead and R. Arpaci-Dusseau and A. Arpaci-Dusseau}, 
booktitle={2015 IEEE International Conference on Cloud Engineering}, 
title={The Role of Container Technology in Reproducible Computer Systems Research}, 
year={2015}, 
pages={379-385}, 
keywords={Linux;storage allocation;container management infrastructure;container technology;distributed storage systems;experimental system research;reproducible computer system research;Containers;Hardware;Kernel;Measurement;Scalability;Virtualization}, 
doi={10.1109/IC2E.2015.75}, 
month={March}
}

@ARTICLE{DBHumanConnectome,
  
AUTHOR={Marcus, Daniel and Harwell, John and Olsen, Timothy and Hodge, Michael and Glasser, Matthew and Prior, Fred and Jenkinson, Mark and Laumann, Timothy and Curtiss, Sandra and Van Essen, David},   
	 
TITLE={Informatics and Data Mining Tools and Strategies for the Human Connectome Project},      
	
JOURNAL={Frontiers in Neuroinformatics},      
	
VOLUME={5},      

PAGES={4},     
	
YEAR={2011},      
	  
URL={https://www.frontiersin.org/article/10.3389/fninf.2011.00004},       
	
DOI={10.3389/fninf.2011.00004},      
	
ISSN={1662-5196},   

}

@article{10.1371/journal.pone.0038234,
    author = {Gronenschild, Ed H. B. M. AND Habets, Petra AND Jacobs, Heidi I. L. AND Mengelers, Ron AND Rozendaal, Nico AND van Os, Jim AND Marcelis, Machteld},
    journal = {PLOS ONE},
    publisher = {Public Library of Science},
    title = {The Effects of FreeSurfer Version, Workstation Type, and Macintosh Operating System Version on Anatomical Volume and Cortical Thickness Measurements},
    year = {2012},
    month = {06},
    volume = {7},
    url = {https://doi.org/10.1371/journal.pone.0038234},
    pages = {1-13},
    number = {6},
    doi = {10.1371/journal.pone.0038234}
}
